<?xml version="1.0" encoding="UTF-8"?><collection xmlns="http://www.loc.gov/MARC21/slim"><record><leader>00364nam--2200133-i-4500</leader><controlfield tag="001">000015561</controlfield><controlfield tag="002">20161230</controlfield><controlfield tag="005">20161230201031</controlfield><controlfield tag="008">060222s1000------------r-----000-0-eng-d</controlfield><datafield ind1=" " ind2=" " tag="080"><subfield code="a">621.039.51.12</subfield></datafield><datafield ind1=" " ind2=" " tag="100"><subfield code="a">Dautray, Robert., Dauderstadt, James J.Lewis, E.E</subfield></datafield><datafield ind1=" " ind2=" " tag="245"><subfield code="a">Neutron transport equation</subfield></datafield><datafield ind1=" " ind2=" " tag="260"><subfield code="a">Paris, Editions Eyrolles, 1983. 323 P</subfield></datafield><datafield ind1=" " ind2=" " tag="852"><subfield code="a">72861</subfield></datafield></record></collection>